@misc{systemd,
	title = "\url{https://www.freedesktop.org/wiki/Software/systemd/}",
	year = "consultado el 14 de Diciembre de 2016",
	note = {Web oficial de systemd}
}

